 @inproceedings{Potter_1993, title={The Effect of Weight Trimming on Nonlinear Survey Estimates}, booktitle={Procedings of the Survey Research Methods Section}, publisher={American Statistical Association}, author={Potter, Frank J}, year={1993}, pages={758–763} }

 @book{Valliant_Dever_Kreuter_2018, place={Cham}, series={Statistics for Social and Behavioral Sciences}, title={Practical Tools for Designing and Weighting Survey Samples}, ISBN={978-3-319-93631-4}, url={http://link.springer.com/10.1007/978-3-319-93632-1}, DOI={10.1007/978-3-319-93632-1}, publisher={Springer International Publishing}, author={Valliant, Richard and Dever, Jill A. and Kreuter, Frauke}, year={2018}, collection={Statistics for Social and Behavioral Sciences} }
 
  @book{Filzmoser_Gussenbauer_Templ_2016, series={Final Report Contract with the World Bank}, title={Detecting outliers in household consumption survey data}, institution={Vienna University of Technology}, author={Filzmoser, P. and Gussenbauer, J. and Templ, M.}, year={2016}, collection={Final Report Contract with the World Bank} }

  @article{Alexander_1987, title={A class of methods for using person controls in household weighting}, volume={13}, number={1}, journal={Survey Methodology}, author={Alexander, Charles}, year={1987}, pages={183–198} }

 @article{Heldal_1992, title={A Method for Calibration of Weights in Sample Surveys}, abstractNote={Sometimes statistics based on sample surveys are published for population totals for which the true values are known in advance from other sources, such as registers. This paper describes a method to calibrate the weights of persons and households in such a way that the estimates from the sample are forced to fit the true values exactly. The external information which is thereby incorporated in the weights may also help improving the estimation of other quantities. Applications are given.}, author={Heldal, Johan}, year={1992}, pages={22} }

 @book{Rubin_1987, place={New York, NY}, series={Wiley series in probability and mathematical statistics Applied probability and statistics}, title={Multiple Imputation for nonresponse in surveys}, ISBN={978-0-471-08705-2}, publisher={Wiley}, author={Rubin, Donald B.}, year={1987}, collection={Wiley series in probability and mathematical statistics Applied probability and statistics} }


 @book{VanBuuren, title={Flexible Imputation of Missing Data}, publisher={Chapman and Hall}, year={2018}}

 @article{Lemaitre_Dufour_1987, title={An integrated method for weighting persons and families}, volume={13}, number={2}, journal={Survey Methodology}, author={Lemaitre, G and Dufour, Johane}, year={1987} }

 @article{Neethling_Galpin_2006, title={Weighting of Household Survey Data: A Comparison of Various Calibration, Integrated and Cosmetic Estimators}, abstractNote={This paper compares the bias and efficiencies of different estimation techniques aimed at creating a unique set of case weights, which can be used to estimate characteristics for both person and household variables in a household sampling survey. The resulting estimates are compatible with external population information and thus attempt to correct for differential non-response (i.e. underrepresentation of certain parts of the population). The existing techniques of calibration and integrated weighting and cosmetic estimators are combined and modified to give improved weighted estimators. The theoretical properties of these estimators are outlined, and the performance of the estimators is investigated via simulation studies and by application to a data set. The effect of using auxiliary information on persons only, or on both persons and households, is evaluated. The performance of the estimators under condition of differential non-response has been simulated by using unequal probability sampling to mimic such conditions.}, journal={South African Statistical Journal}, author={Neethling, A and Galpin, J S}, year={2006}, pages={23} }
 
 @article{Quenouille,
 author = {M. H. Quenouille},
 journal = {Biometrika},
 number = {3/4},
 pages = {353--360},
 publisher = {[Oxford University Press, Biometrika Trust]},
 title = {Notes on Bias in Estimation},
 volume = {43},
 year = {1956}
}

@book{mosteller1968data,
  title={Data Analysis, Including Statistics},
  author={Mosteller, F.},
  url={https://books.google.cl/books?id=6ptDHQAACAAJ},
  year={1968}
}


  @book{Wolter_2007, place={New York}, edition={2nd ed}, series={Statistics for social and behavioral sciences}, title={Introduction to variance estimation}, ISBN={978-0-387-32917-8}, publisher={Springer}, author={Wolter, Kirk M.}, year={2007}, collection={Statistics for social and behavioral sciences} }

 @book{Kish_1965, title={Survey Sampling}, publisher={John Wiley and Sons}, author={Kish, Leslie}, year={1965} }
 
  @book{Kish_2004, series={Wiley classic library edition}, title={Statistical Design for Research}, ISBN={978-0-471-69120-4}, url={https://www.wiley.com/en-us/Statistical+Design+for+Research-p-9780471691204}, publisher={Wiley}, author={Kish, Leslie}, year={2004}, collection={Wiley classic library edition} }

 
  @article{Gambino_2009, title={Design Effect Caveats}, volume={63}, ISSN={0003-1305, 1537-2731}, DOI={10.1198/tast.2009.0028}, number={2}, journal={The American Statistician}, author={Gambino, Jack G.}, year={2009}, month={May}, pages={141–146} }

 @book{Sarndal_Swensson_Wretman_2003, title={Model Assisted Survey Sampling}, ISBN={978-0-387-40620-6}, note={Google-Books-ID: ufdONK3E1TcC}, publisher={Springer Science and Business Media}, author={Särndal, Carl-Erik and Swensson, Bengt and Wretman, Jan}, year={2003}, month={Oct} }

 @article{Gutierrez_Zhang_Montano_2016, title={Calculo del tamaño de muestra para la estimación de una varianza en poblaciones finitas con funciones en R}, volume={9}, ISSN={2027-3355}, DOI={10.15332/s2027-3355.2016.0001.06}, abstractNote={To estimate the variance of a ﬁnite population in a standardized test is an important goal in the assessment of education; however, there is not a generalized methodology in the statistical literature that allows determining the minimum sample size necessary to estimate this parameter of interest consistently. This paper provides an approximation for the Ha´jek estimators variance of the population variance through the Taylor linearization and proposes diﬀerent approaches to computing the minimum sample size necessary to promptly estimate this parameter or even to test a system of statistical hypothesis. Additionally, we introduce computational functions written in the R software to calculate required sample sizes.}, number={1}, journal={Comunicaciones en Estadística}, author={Gutiérrez, Andrés and Zhang, Hanwen and Montaño, Cristian}, year={2016}, month={Jun}, pages={109} }
 
  @article{Sartore_Toppin_Young_Spiegelman_2019, title={Developing Integer Calibration Weights for Census of Agriculture}, volume={24}, ISSN={1085-7117, 1537-2693}, DOI={10.1007/s13253-018-00340-4}, number={1}, journal={Journal of Agricultural, Biological and Environmental Statistics}, author={Sartore, Luca and Toppin, Kelly and Young, Linda and Spiegelman, Clifford}, year={2019}, month={Mar}, pages={26–48} }

 @article{Tille, title={A Simple and Efficient Way of Rounding Calibration Weights}, abstractNote={Sartore et al. (2019) have proposed a method to round calibration weights to integer values. Their method is based on a discrete coordinate descent algorithm. We propose a much simpler method based on balanced sampling that achieves the same aim. This method provides random, unbiased and balanced rounded weights.}, author={Tillé, Yves}, pages={3}, year={2019} }
 
 @ARTICLE{Sar08,
  AUTHOR =       {S\"{a}rndal, C-E.},
  TITLE =        {The calibration approach in survey theory and practice},
  JOURNAL =      {Survey Methodology},
  YEAR =         {2007},
  volume =       {33},
  pages =        {99-119}
}

 @book{Gutierrez_2016, edition={Segunda edición}, title={Estrategias de muestreo: diseño de encuestas y estimación de parámetros}, ISBN={978-958-762-586-8}, note={Google-Books-ID: UlVmE5pkRwIC}, publisher={Ediciones de la U}, author={Gutiérrez, Hugo Andrés}, year={2016} }
 
  @book{Tille_2006, place={New York}, series={Springer Series in Statistics}, title={Sampling Algorithms}, ISBN={978-0-387-30814-2}, url={https://www.springer.com/gp/book/9780387308142}, DOI={10.1007/0-387-34240-0}, abstractNote={Over the last few decades, important progresses in the methods of sampling have been achieved. This book draws up an inventory of new methods that can be useful for selecting samples. Forty-six sampling methods are described in the framework of general theory. The algorithms are described rigorously, which allows implementing directly the described methods. This book is aimed at experienced statisticians who are familiar with the theory of survey sampling.Yves Tillé is a professor at the University of Neuchâtel (Switzerland)}, publisher={Springer-Verlag}, author={Tillé, Yves}, year={2006}, collection={Springer Series in Statistics} }
  
  @article{Sar1,
	Author = {S\"{a}rndal, C.},
	Date-Modified = {2013-08-15 17:07:02 +0000},
	Journal = {Journal of Official Statistics},
	Pages = {1 - 21},
	Title = {{The 2010 Morris Hansen lecture: Dealing with survey nonresponse in data collection}},
	Volume = {27},
	Year = {2011}}
	
	@book{Lund,
	Author = {S\"{a}rndal, C. and Lundstrom, S.},
	Publisher = {Wiley},
	Title = {Estimation in Surveys with Nonresponse},
	Year = {2005}}
	
	@book{LR2002,
	Author = {Little, R. and Rubin, D.B.},
	Date-Added = {2013-08-15 17:21:51 +0000},
	Date-Modified = {2013-08-15 17:28:48 +0000},
	Edition = {2nd},
	Publisher = {Wiley},
	Title = {Statistical Analysis with Missing Data},
	Year = {2002}}

	
	@article{Sar2,
	Author = {S\"{a}rndal, C. and Lundstrom, S.},
	Date-Modified = {2013-08-15 17:00:26 +0000},
	Journal = {Survey Methodology},
	Pages = {131 - 144},
	Title = {Design for estimation: Identifying auxiliary vectors to reduce nonresponse bias},
	Volume = {36},
	Year = {2010}}
	
	 @article{Fuller_1990, title={Analysis of Repeated Surveys}, volume={16}, number={2}, journal={Survey Methodology}, author={Fuller, W.}, year={1990}, pages={167–180} }

 @book{Heeringa_West_Berglund_2017, place={Boca Raton, Fla.}, series={Chapman and Hall CRC statistics in the social and behavioral sciences series}, title={Applied survey data analysis}, ISBN={978-1-4200-8066-7}, publisher={CRC Press}, author={Heeringa, Steven G. and West, Brady T. and Berglund, Patricia A.}, year={2017}, collection={Chapman & Hall/CRC statistics in the social and behavioral sciences series} }
 
  @article{KaltonFloresCervantes_2003, title={Weighting methods}, volume={19}, number={2}, journal={Journal of Official Statistics}, author={Kalton, Graham and Flores-Cervantes, Ismael}, year={2003}, pages={17} }

 @article{Kish_1999, title={Cumulating/combining population surveys}, volume={25}, number={2}, journal={Survey Methodology}, author={Kish, Leslie}, year={1999}, pages={129–138} }

 @inproceedings{Train_Cahoon_Makens_1978, title={The Current Population Survey Variances, Inter-Relationships and Design Effects}, author={Train, G. and Cahoon, L. and Makens, P.}, year={1978} }
  
   @article{Sarndal_2011, title={Three Factors to Signal Non‐Response Bias With Applications to Categorical Auxiliary Variables}, volume={79}, number={2}, journal={International Statistical Review / Revue Internationale de Statistique}, author={Sarndal, Carl-Erik}, year={2011} }

  
  @book{Fuller,
	Author = {Fuller, W. A.},
	Publisher = {Wiley},
	Title = {Sampling Statistics},
	Year = {2009}}
  
  @Manual{Matei,
    title = {sampling: Survey Sampling},
    author = {Yves Tillé and Alina Matei},
    year = {2016},
    note = {R package version 2.8},
    url = {https://CRAN.R-project.org/package=sampling},
  }

@Book{EfroTibs93,
  Title                    = {An Introduction to the Bootstrap},
  Author                   = {Bradley Efron and Robert J. Tibshirani},
  Publisher                = {Chapman \& Hall/CRC},
  Year                     = {1993},

  Address                  = {Boca Raton, Florida, USA},
  Number                   = {57},
  Series                   = {Monographs on Statistics and Applied Probability}
}

 @article{Rao_Wu_1988, title={Resampling Inference with Complex Survey Data}, volume={83}, ISSN={0162-1459}, DOI={10.1080/01621459.1988.10478591}, number={401}, journal={Journal of the American Statistical Association}, author={Rao, J. N. K. and Wu, C. F. J.}, year={1988}, month={Mar}, pages={231–241} }

 @article{Preston_2009, title={Rescaled bootstrap for stratified multistage sampling}, volume={35}, abstractNote={In large scaled sample surveys it is common practice to employ stratified multistage designs where units are selected using simple random sampling without replacement at each stage. Variance estimation for these types of designs can be quite cumbersome to implement, particularly for non-linear estimators. Various bootstrap methods for variance estimation have been proposed, but most of these are restricted to single-stage designs or two-stage cluster designs. An extension of the rescaled bootstrap method (Rao and Wu 1988) to stratified multistage designs is proposed which can easily be extended to any number of stages. The proposed method is suitable for a wide range of reweighting techniques, including the general class of calibration estimators. A Monte Carlo simulation study was conducted to examine the performance of the proposed multistage rescaled bootstrap variance estimator.}, number={2}, journal={Survey Methodology}, author={Preston, John}, year={2009}, pages={227–234} }



@inproceedings{Rao_Wu_1984, title={BOOTSTRAP INFERENCE FOR SAMPLE SURVEYS}, booktitle={Procedings of the Survey Research Methods Section}, publisher={American Statistical Association}, author={Rao, J. N. K. and Wu, C. F. J.}, year={1984}, pages={106-112} }


 @book{Valliant_Dever_2017, edition={1 edition}, title={Survey Weights: A Step-by-step Guide to Calculation}, abstractNote={Survey Weights: A Step-by-Step Guide to Calculation, by Richard Valliant and Jill Dever, is an excellent reference for survey data analysts and researchers. This book details the reasons for weighting and shows how to perform different weight-adjustment methods in Stata.Topics covered include nonresponse, weight adjustment and calibration, linearized and replication-based variance estimation, multiple weights, two-phase sampling, composite estimation, and quality control when computing your own survey weights.The authors assume familiarity with Stata and some applied sampling experience and knowledge of “lite” theory, such as the concepts of with-replacement versus without-replacement sampling and single- versus multistage designs.}, publisher={Stata Press}, author={Valliant, Richard and Dever, Jill A.}, year={2017}, month={Dec} }

@book{shao2012jackknife,
  title={The Jackknife and Bootstrap},
  author={Shao, J. and Tu, D.},
  isbn={9781461207955},
  lccn={95015074},
  series={Springer Series in Statistics},
  year={2012},
  publisher={Springer New York}
}


 @inproceedings{Potter_1993, title={The Effect of Weight Trimming on Nonlinear Survey Estimates}, booktitle={Procedings of the Survey Research Methods Section}, publisher={American Statistical Association}, author={Potter, Frank J}, year={1993}, pages={758–763} }

@article{Gutierrez_2014, title={The estimation of gross flows in complex surveys with random nonresponse}, volume={40}, number={2}, journal={Survey Methodology}, author={Gutiérrez, H. A.}, year={2014}, pages={285–321} }

 @book{Lohr_2019, title={Sampling: Design and Analysis}, publisher={Duxbury Press}, author={Lohr, Sharon L}, year={2019} }
 
  @book{Jacob_2020, title={surf: Survey-based Gross-Flow Estimation.}, author={Jacob, Guilherme}, year={2020} }
  
   @article{Feinberg_Stasny_1983, title={Estimating monthly gross flows in labour force participation}, volume={9}, number={1}, journal={Survey Methodology}, author={Feinberg, Stephen and Stasny, Elizabeth}, year={1983}, pages={77–102} }

 @book{Biemer_Lyberg_2003, place={Hoboken, NJ}, series={Wiley series in survey methodology}, title={Introduction to survey quality}, ISBN={978-0-471-19375-3}, publisher={Wiley-Interscience}, author={Biemer, Paul P. and Lyberg, Lars E.}, year={2003}, collection={Wiley series in survey methodology} }

 @book{Presser_Rothgeb_Couper_Lessler_Martin_Martin_Singer_2004, place={Hoboken, NJ}, title={Methods for Testing and Evaluating Survey Questionnaires}, publisher={John Wiley and Sons}, author={Presser, Stanley and Rothgeb, Jennifer and Couper, Mick and Lessler, Judith and Martin, Elizabeth and Martin, Jean and Singer, Eleanor}, year={2004} }

 @article{Foster_Greer_Thorbecke_1984, title={A Class of Decomposable Poverty Measures}, volume={52}, ISSN={0012-9682}, DOI={10.2307/1913475}, number={3}, journal={Econometrica}, author={Foster, James and Greer, Joel and Thorbecke, Erik}, year={1984}, pages={761–766} }


 @book{Groves_Fowler_Couper_Lepkowski_Singer_Tourangeau_2009, place={Hoboken, NJ}, title={Survey Methodology}, publisher={John Wiley and Sons}, author={Groves, Robert and Fowler, Floyd and Couper, Mick and Lepkowski, James and Singer, Eleanor and Tourangeau, Roger}, year={2009} }

 @book{CEPAL_2018, series={Metodologías de la CEPAL}, title={Medición de la pobreza por ingresos - Actualización metodológica y resultados}, url={http://repositorio.cepal.org/bitstream/handle/11362/44314/1/S1800852_es.pdf}, author={CEPAL}, year={2018}, collection={Metodologías de la CEPAL} }

 @article{McLaren_Steel_2001, title={Rotation Patterns and Trend Estimation for Repeated Surveys Using Rotation Group Estimates}, volume={55}, number={2}, journal={Statistica Neerlandica}, author={McLaren, C. and Steel, D. G.}, year={2001}, pages={221–238} }


 @inbook{Beland_Dale_Dufour_Hamel_2005, title={The Canadian Community Health Survey: Building on the success from the past}, booktitle={Proceedings of the American Statistical Association Joint Statistical Meetings 2005, Section on Survey Research Methods, August 2005}, author={Béland, Y. and Dale, Vincent and Dufour, Johane and Hamel, Marc}, year={2005}}

 @article{Clark_Steel_2007, title={Sampling within households in household surveys}, volume={170}, number={1}, journal={Journal of the Royal Statistical Society: Series A (Statistics in Society)}, author={Clark, R. G. and Steel, D. G.}, year={2007}, pages={63–82}}

@BOOK{Loh,
  AUTHOR =       {Lohr, S.},
  TITLE =        {Sampling: Design and Analysis},
  PUBLISHER =    {Thompson},
  YEAR =         {2000}
}

  @book{LaRoche_2003, title={Longitudinal and Cross-Sectional Weighting of the Survey of Labour and Income Dynamics}, institution={Statistics Canada}, author={LaRoche, Silvia}, year={2003}}

    @article{Vehovar_1999, title={Field Substitution and Unit Nonresponse}, volume={15}, number={2}, journal={Journal of Official Statistics}, author={Vehovar, Vasja}, year={1999}, pages={335–350}}

     @book{Korn_Graubard_1999, place={New York, N.Y.}, title={Analysis of health surveys}, ISBN={978-0-471-13773-3}, publisher={Wiley}, author={Korn, Edward Lee and Graubard, Barry I.}, year={1999} }

 @book{Heeringa_West_Berglund_2010, place={Boca Raton, Fla.}, series={Chapman and Hall/CRC statistics in the social and behavioral sciences series}, title={Applied survey data analysis}, ISBN={978-1-4200-8066-7}, publisher={CRC Press}, author={Heeringa, Steven G. and West, Brady T. and Berglund, Patricia A.}, year={2010}, collection={Chapman and Hall/CRC statistics in the social and behavioral sciences series} }

  @article{Barnett_Walker_Chromy_Davis_Emrich_Odom_Packer_2003, title={2001 National Household Survey on Drug Abuse}, author={Barnett-Walker, Kortnee C. and Chromy, James R. and Davis, Teresa R. and Emrich, Steven L. and Odom, Dawn M. and Packer, Lisa E.}, year={2003} }

   @article{Parker_Talih_Malec_2017, title={National Center for Health Statistics Data Presentation Standards for Proportions}, volume={2}, number={175}, journal={Vital Health Stat}, author={Parker, JD and Talih, M and Malec, DJ}, year={2017} }

    @article{Hornik_Maklan_Cadell_Prado_Barmada_Jacobsohn_Orwin_Sridharan_Zador_Southwell_etal, title={Evaluation of the National Youth Anti-Drug Media Campaign: Fourth Semi-Annual Report of Findings}, author={Hornik, Robert and Maklan, David and Cadell, Diane and Prado, Amalia and Barmada, Carlin and Jacobsohn, Lela and Orwin, Robert and Sridharan, Sanjeev and Zador, Paul and Southwell, Brian and et al.}, pages={740}, year={2002} }

     @book{Naud_2002, title={Combined-panel longitudinal weighting - Survey of Labour and Income Dynamics}, institution={Statistics Canada}, author={Naud, Jean-Francois}, year={2002} }


     @book{Hansen_Hurwitz_Madow_1953, title={Sample Survey Methods And Theory}, author={Hansen, Morris H. and Hurwitz, William N. and Madow, William G.}, year={1953} }

 @article{Duncan_Kalton_1987, title={Issues of Design and Analysis of Surveys across Time}, volume={55}, ISSN={03067734}, DOI={10.2307/1403273}, number={1}, journal={International Statistical Review / Revue Internationale de Statistique}, author={Duncan, G. J. and Kalton, G.}, year={1987}, month={Apr}, pages={97}}

 @inbook{Gambino_Silva_2009, series={Handbook of Statistics}, title={Chapter 16 - Sampling and Estimation in Household Surveys}, volume={29}, DOI={10.1016/S0169-7161(08)00016-3}, booktitle={Handbook of Statistics}, publisher={Elsevier}, author={Gambino, J. G. and Silva, PL. d N.}, year={2009}, month={Jan}, pages={407–439}, collection={Handbook of Statistics}}

 @inproceedings{Kalton_2009, title={Some Issues in the Design and Analysis of Longitudinal Surveys}, author={Kalton, G.}, year={2009}}

 @article{Kalton_Citro_1993, title={Panel surveys: adding the fourth dimension}, volume={19}, number={2}, journal={Survey Methodology}, author={Kalton, G. and Citro, C. F.}, year={1993}, pages={205–215}}

 @article{Park_Lee_2006, title={Design effects for the weighted mean and total estimators under complex survey sampling}, volume={51}, number={4}, journal={Quality control and applied statistics}, author={Park, I. and Lee, H.}, year={2006}, pages={381}}

 @book{Pfeffermann_Rao_2010, place={Amsterdam}, edition={digital printing}, title={Handbook of statistics. Vol. 29 A: Sample surveys Sample surveys: Design, methods and applications}, ISBN={978-0-444-53124-7}, publisher={Elsevier}, author={Pfeffermann, D. and Rao, C. R.}, year={2010}}

 @article{Silva_2004, title={Calibration estimation: when and why, how much and how}, journal={Rio de Janeiro: Instituto Brasileiro de Geografia e Estatística}, author={Silva, PL. d N.}, year={2004}}

 @article{Sinngh_Gambino_Mantel_1994, title={Issues and strategies for small area data}, volume={20}, number={1}, journal={Survey Methodology}, author={Sinngh, M. P. and Gambino, J. G. and Mantel, H. J.}, year={1994}, pages={3–22}}

 @book{Statistics_Canada_2003, title={Survey methods and practices}, publisher={Statistics Canada}, author={Statistics Canada}, year={2003}}

 @book{United_Nations_2005, place={New York, NY}, series={Studies in methods / United Nations, Department of Economic and Social Affairs, Statistics Division Series F}, title={Household surveys in developing and transition countries}, ISBN={978-92-1-161481-7}, author={UN}, year={2005}, collection={Studies in methods / United Nations, Department of Economic and Social Affairs, Statistics Division Series F}}

  @book{United_Nations_2008, place={New York, NY}, series={Studies in methods / United Nations, Department of Economic and Social Affairs, Statistics Division Series F}, title={Designing household survey samples: practical guidelines}, ISBN={978-92-1-161495-4}, publisher={United Nations}, author={UN}, year={2008}, collection={Studies in methods / United Nations, Department of Economic and Social Affairs, Statistics Division Series F}}

 @book{Lynn_2009, place={Chichester}, series={Wiley series in survey methodology}, title={Methodology of longitudinal surveys}, ISBN={978-0-470-01871-2}, publisher={Wiley}, year={2009}, collection={Wiley series in survey methodology}}

 @misc{INEC-PA, title={Instituto Nacional de Estadística y Censo - Panamá}, url={https://www.contraloria.gob.pa/inec/Publicaciones/Publicaciones.aspx?ID_SUBCATEGORIA=38andID_PUBLICACION=91andID_IDIOMA=1andID_CATEGORIA=5}, author={INEC}, year={2018}}

  @misc{INEC2-PA, title={Encuesta de Ingresos y Gastos de los Hogares - Instituto Nacional de Estadística y Censo - Panamá}, url={http://www.contraloria.gob.pa/inec/Aplicaciones/EIGH2008/intro.html}, author={INEC}, year={2018}}

 @misc{INE-GT, title={Empleo e Ingresos - Instituto Nacional de Estadística - Guatemala}, url={https://www.ine.gob.gt/index.php/encuestas/empleo-e-ingresos}, author={INE}, year={2018}}

  @misc{INE2-GT, title={Encuesta Nacional de Condiciones de Vida - Instituto Nacional de Estadística - Guatemala}, url={https://www.ine.gob.gt/index.php/encuestas-de-hogares-y-personas/condiciones-de-vida}, author={INE}, year={2018}}

 @misc{INIDE-NI, title={Instituto Nacional de Información de Desarrollo- INIDE de Nicaragua}, url={http://www.inide.gob.ni/}, author={INIDE}, year={2018}}

 @misc{ONE-CU, title={Oficina Nacional de Estadísticas. Cuba}, url={http://www.one.cu/sitioone2006.asp}, author={ONE}, year={2018}}

 @misc{ONE-DO, title={Encuesta Nacional de Ingresos y Gastos de los Hogares (ENIGH) - Oficina Nacional de Estadística}, url={https://www.one.gob.do/enhogar}, author={ONE}, year={2018}}

  @misc{ONE2-DO, title={Oficina Nacional de Estadística (ONE)}, url={https://www.one.gob.do/encuestas/enigh}, author={ONE}, year={2018}}

  @misc{DANE-COL_2017, title={Gran Encuesta Integrada de Hogares -  - Departamento Administrativo Nacional de Estadística}, url={http://formularios.dane.gov.co/Anda_4_1/index.php/catalog/458}, author={DANE}, year={2017}}

    @misc{DANE-COL_2018, title={Encuesta Nacional de Presupuestos de los Hogares (ENPH) - Departamento Administrativo Nacional de Estadística}, url={https://www.dane.gov.co/index.php/estadisticas-por-tema/pobreza-y-condiciones-de-vida/encuesta-nacional-de-presupuestos-de-los-hogares-enph}, author={DANE}, year={2018}}

   @misc{United_Nations_2016, place={New York, NY}, title={Global Sustainable Development Report 2016}, url={https://sustainabledevelopment.un.org/globalsdreport/2016}, institution={{Department of Economic and Social Affairs}}, author={ONU}, year={2016}}

  @misc{United_Nations_2017, series={Report of the Secretary General}, title={Progress towards the Sustainable Development Goals}, institution={Ecnomic and  Social Council}, author={ONU}, year={2017}, collection={Report of the Secretary General}}

  @misc{United_Nations_2015, title={Transformar nuestro mundo: la Agenda 2030 para el Desarrollo Sostenible}, url={http://unctad.org/meetings/es/SessionalDocuments/ares70d1_es.pdf}, institution={Asamblea General}, author={ONU}, year={2015}}

  @misc{INEC-EC, title={Instituto Nacional de Estadística y Censos}, url={http://www.ilo.org/surveydata/index.php/catalog/1393/study-description}, author={INEC}, year={2018}}

 @article{Sun_2010, title={HILDA Expenditure imputation}, author={Sun, Claire}, year={2010}, journal={Working paper} }
 
 @article{Verma_Betti_Ghellini, title={Cross-sectional and longitudinal weighting in a rotational household panel: applications to EU-SILC}, author={Verma, Vijay and Betti, Gianni and Ghellini, Giulio}, pages={36}, year={2006} }

  @article{Starick_Watson_2011, title={Evaluation of Alternative Income Imputation Methods for the HILDA Survey}, author={Starick, Rosslyn and Watson, Nicole}, year={2011}, pages={38}, journal={Working paper} }

   @article{Hayes_Watson_2009, title={HILDA Imputation methods}, author={Hayes, Clinton and Watson, Nicole}, year={2009}, journal={Working paper}  }

    @misc{INEC2-EC, title={Encuesta de Condiciones de Vida (ECV) - Instituto Nacional de Estadística y Censos}, url={http://www.ecuadorencifras.gob.ec/encuesta-de-condiciones-de-vida-ecv/}, author={INEC}, year={2018}}

  @misc{INE-HN, title={Instituto Nacional de Estadística}, note={\url{http://www.ine.gob.hn}}, author={INE}, year={2018}}

    @misc{INE2-HN, title={Honduras - Encuesta de Condiciones de Vida de los Hogares}, url={http://170.238.108.229/index.php/catalog/76/overview}, author={INE}, year={2018}}

 @misc{INE-VE, title={Ficha Técnica de Encuesta de Hogares por Muestreo - Instituto Nacional de Estadística}, url={http://www.ine.gov.ve/index.php?option=com_contentandid=333andItemid=103}, author={INE}, year={2018}}
 
  @article{Caceres_2015, title={Diseño muestral Casen 2015}, publisher={INE - Chile}, author={Caceres, Maria Mercedes Jeria}, year={2015}}
 
 @article{IBGE_2014, title={Pesquisa Nacional por Amostra de Domicilios Continua - Notas Metodológicas}, publisher={IBGE}, author={IBGE-BR}, year={2014}}
 
  @article{INE_ES_2002, title={Encuesta de Población Activa - Informe Técnico}, publisher={INE - España}, author={INE-ES}, year={2002}}

 @misc{IBGEBR_2017, title={Pesquisa Nacional por Amostra de Domicílios Contínua - Instituto Brasileiro de Geografia e Estatística}, url={https://www.ibge.gov.br/estatisticas-novoportal/sociais/trabalho/9173-pesquisa-nacional-por-amostra-de-domicilios-continua-trimestral.html?redirect=1}, author={IBGE}, year={2018}}

 @misc{IBGE-BR2018, title={Pesquisa de Orçamentos Familiares - Instituto Brasileiro de Geografia e Estatística}, url={https://ww2.ibge.gov.br/home/estatistica/pesquisas/pesquisa_resultados.php?id_pesquisa=25}, author={IBGE}, year={2018}}

  @article{INEGI_MX_2012, title={Metodología de la Construcción del Marco Maestro de Muestreo 2012 y del Diseño de la Muestra Maestra 2012}, author={INEGI}, year={2012} }
  
   @article{Gutierrez_Trujillo_Silva_2014, title={The estimation of gross flows in complex surveys with random nonresponse}, volume={40}, number={2}, journal={Survey Methodology}, author={Gutiérrez, Hugo Andrés and Trujillo, Leonardo and Silva, PL. d N.}, year={2014}, pages={285–321} }



 @misc{INEGI-MX, title={Encuesta Nacional de Ocupación y Empleo (ENOE), población de 15 años y más de edad}, url={https://www.inegi.org.mx/programas/enoe/15ymas/}, author={INEGI}, year={2019}}


 @misc{INEGI2-MX, title={Encuesta Nacional de Ingresos y Gastos de los Hogares 2016 Nueva serie}, url={https://www.inegi.org.mx/programas/enigh/nc/2016/}, author={INEGI}, year={2016}}

  @misc{INEC-CR_2017, title={Encuesta Nacional de Hogares - Instituto Nacional de Estadística y Censos}, url={http://www.inec.go.cr/encuestas/encuesta-nacional-de-hogares}, author={INEC}, year={2017}}

  @misc{INEC-CR_2018, title={Encuesta Nacional de Ingresos y Gastos de los Hogares - Instituto Nacional de Estadística y Censos}, url={http://www.inec.go.cr/encuestas/encuesta-nacional-de-ingresos-y-gastos-de-los-hogares}, author={INEC}, year={2018}}

   @misc{INE-UY_2016, title={Encuesta Continua de Hogares (ECH) - Instituto Nacional de Estadística}, url={http://ine.gub.uy/encuesta-continua-de-hogares1}, author={INE}, year={2016}}

   @misc{INE2-UY, title={Encuesta de Gastos e Ingresos de los Hogares - ENGIH 2016/2017 - Instituto Nacional de Estadística}, url={http://www.ine.gub.uy/engih2016}, author={INE}, year={2016}}

    @misc{MDS-CL_2015, title={Observatorio Social - Ministerio de Desarrollo Social - Gobierno de Chile}, url={http://observatorio.ministeriodesarrollosocial.gob.cl/casen/casen_obj.php}, author={MDS}, year={2015}}

        @misc{INE_CL, title={Encuesta de Presupuestos Familiares (EPF) - Instituto Nacional de Estadística - Chile}, url={https://www.ine.cl/estadisticas/ingresos-y-gastos/epf}, author={INE}, year={2018}}

 @misc{OIT_1982, place={Ginebra}, series={13 Conferencia Internacional de Estadísticos del Trabajo}, title={Resolución sobre estadísticas de la población económicamente activa, del empleo, del desempleo y del subempleo}, url={http://www.ilo.org/wcmsp5/groups/public/---dgreports/---stat/documents/normativeinstrument/wcms_087483.pdf}, institution={Organización Internacional del Trabajo}, author={OIT}, year={1982}, collection={13 Conferencia Internacional de Estadísticos del Trabajo}}

  @misc{DIGESTYC-SV, title={Encuesta de Hogares de Propósitos Múltiples - Dirección General de Estadística y Censos}, url={http://www.digestyc.gob.sv/index.php/temas/des/ehpm.html}, author={DIGESTYC}, year={2018}}

    @misc{DIGESTYC2-SV, title={Encuesta de Ingresos y Gastos de los Hogares - Dirección General de Estadística y Censos}, url={http://www.censos.gob.sv/enigh/descargas/ENIGH_Publicacion.pdf}, author={DIGESTYC}, year={2018}}

   @misc{INE-BO, title={Encuesta de Hogares - INE}, url={http://www.ine.gob.bo/sitio_EH/Encuesta_Hogares.html}, author={INE}, year={2018}}

    @misc{INEI-PE_2016, title={Encuesta Nacional de Hogares sobre Condiciones de Vida y Pobreza -  Instituto Nacional de Estadística e Informática}, url={http://webinei.inei.gob.pe/anda_inei/index.php/catalog/543}, author={INEI}, year={2016}}

     @misc{DGEEC-PY, title={Encuesta Permanente de Hogares - Dirección General de Estadística, Encuestas y Censos}, url={http://www.dgeec.gov.py/Publicaciones/Biblioteca/eph2016/Boletin-de-pobreza-2016.pdf}, author={DGEEC}, year={2018}}

          @misc{DGEEC2-PY, title={Aspectos Metodológicos de la Encuesta de Ingresos y Gastos y de Condiciones de Vida (EIGyCV)}, url={http://www.dgeec.gov.py/microdatos/register/eig/Metodologia%20EIG%20y%20CV.pdf}, author={DGEEC}, year={2018}}

 @misc{INDEC-AR, title={Encuesta Permanente de Hogares - Instituto Nacional de Estadística y Censos}, url={https://www.indec.gov.ar/bases-de-datos.asp}, author={INDEC}, year={2018}}

  @misc{INDEC-AR2, title={Encuesta Nacional de Gastos de los Hogares - Instituto Nacional de Estadística y Censos}, url={https://www.indec.gob.ar/engho/}, author={INDEC}, year={2018}}

 @misc{OIT_2013, place={Ginebra}, series={19 Conferencia Internacional de Estadísticos del Trabajo}, title={Estadísticas del trabajo, el empleo y la subutilización de la fuerza de trabajo}, url={http://www.ilo.org/wcmsp5/groups/public/---dgreports/---stat/documents/publication/wcms_220537.pdf}, institution={Organización Internacional del Trabajo}, author={OIT}, year={2013}, collection={19 Conferencia Internacional de Estadísticos del Trabajo}}

  @book{United-Nations_2011, place={Geveve}, edition={Second edition}, title={Canberra Group Handbook on Household Income Statistics}, url={https://www.unece.org/fileadmin/DAM/stats/groups/cgh/Canbera_Handbook_2011_WEB.pdf}, publisher={United Nations Economic Comission for Europe}, author={ONU}, year={2011}}

 @Manual{IBM_2017, title={IBM SPSS Complex Samples}, url={ftp://public.dhe.ibm.com/software/analytics/spss/documentation/statistics/23.0/en/client/Manuals/IBM_SPSS_Complex_Samples.pdf}, author={IBM}, year={2017}}

 @Manual{SAS_2017, title={SAS/STAT 9.22 User’s Guide - Survey Sampling and Analysis Procedures}, url={https://support.sas.com/documentation/cdl/en/statugsurveysamp/63778/PDF/default/statugsurveysamp.pdf}, author={SAS}, year={2010}}

 @Manual{STATA_2017, title={STATA Survey Data}, url={https://www.stata.com/manuals13/svy.pdf}, author={STATA}, year={2013}}

  @Manual{RTI_International_2012, place={Research Triangle Park, NC}, title={SUDAAN Statistical Analysis Software Package - Language Manual}, url={http://sudaansupport.rti.org/Sudaan/onlinehelp/SUDAAN10/Default.htm}, author={{RTI International}}, year={2012}}


  @Manual{Westat_2007, place={Rockville, MD}, title={WesVar 4.3. Users guide.}, url={http://users.nber.org/~jroth/chap1.pdf}, abstractNote={Replication-Based Variance}, author={Westat}, year={2007}}

@Manual{R_2017,
    title = {R: A Language and Environment for Statistical Computing},
    author = {{R Core Team}},
    organization = {R Foundation for Statistical Computing},
    address = {Vienna, Austria},
    year = {2017},
    url = {https://www.R-project.org/},
  }

@Misc{TL,
    author = {Thomas Lumley},
    year = {2016},
    title = {survey: analysis of complex survey samples},
    note = {R package version 3.32},
  }

@Manual{ss4s,
    title = {samplesize4surveys: Sample Size Calculations for Complex Surveys},
    author = {Gutiérrez, Hugo Andrés},
    year = {2016},
    note = {R package version 3.1.2.400},
    url = {https://CRAN.R-project.org/package=samplesize4surveys},
  }

@Manual{TS,
    title = {TeachingSampling: Selection of Samples and Parameter Estimation in Finite
Population},
    author = {Gutiérrez, Hugo Andrés},
    year = {2015},
    note = {R package version 3.2.2},
    url = {https://CRAN.R-project.org/package=TeachingSampling},
  }
  
 @article{Gutierrez_Zhang_Rodriguez_2016, title={The Performance of Multivariate Calibration on Ratios, Means and Proportions}, volume={39}, ISSN={2389-8976, 0120-1751}, DOI={10.15446/rce.v39n2.55424}, abstractNote={In this paper, the calibration approach is revisited in order to allow new calibration weights that are subject to the restriction of multiple calibration equations on a vector of ratios, means and proportions. The classical approach is extended in such a way that the calibration equations are not based on a vector of totals, but on a vector of other nonlinear parameters. We stated some properties of the resulting estimators and carry out some empirical simulations in order to asses the performance of this approach. We found that this methodology is suitable for some practical situations like vote intention estimation, estimation of labor force, and retrospective studies. The methodology is applied in the context of the Presidential elections held in Colombia in 2014 for which we estimated the vote intention in the second round using information from an election poll, taking the results from the ﬁrst round as auxiliary information.}, number={2}, journal={Revista Colombiana de Estadística}, author={Gutierrez, Hugo Andres and Zhang, Hanwen and Rodriguez, Nelson}, year={2016}, month={Jul}, pages={281} }

  
   @book{Tille2006, place={New York}, series={Springer Series in Statistics}, title={Sampling Algorithms}, ISBN={978-0-387-30814-2}, url={https://www.springer.com/gp/book/9780387308142}, DOI={10.1007/0-387-34240-0}, abstractNote={Over the last few decades, important progresses in the methods of sampling have been achieved. This book draws up an inventory of new methods that can be useful for selecting samples. Forty-six sampling methods are described in the framework of general theory. The algorithms are described rigorously, which allows implementing directly the described methods. This book is aimed at experienced statisticians who are familiar with the theory of survey sampling.Yves Tillé is a professor at the University of Neuchâtel (Switzerland)}, publisher={Springer-Verlag}, author={Tillé, Yves}, year={2006}, collection={Springer Series in Statistics} }

 @inproceedings{Bethlehem_Cobben_Schouten_2009, title={Indicators for the Representativeness of Survey Response}, booktitle={Statistics Canada’s International Symposium}, author={Bethlehem, Jelke and Cobben, Fannie and Schouten, Barry}, year={2009}, pages={10} }

 @article{Shlomo_Skinner_Schouten_2012, title={Estimation of an indicator of the representativeness of survey response}, volume={142}, ISSN={03783758}, DOI={10.1016/j.jspi.2011.07.008}, number={1}, journal={Journal of Statistical Planning and Inference}, author={Shlomo, Natalie and Skinner, Chris and Schouten, Barry}, year={2012}, pages={201–211} }

@article{KruskalMosteller4,
 ISSN = {03067734, 17515823},
 author = {William Kruskal and Frederick Mosteller},
 journal = {International Statistical Review / Revue Internationale de Statistique},
 number = {2},
 pages = {169--195},
 publisher = {[Wiley, International Statistical Institute (ISI)]},
 title = {Representative Sampling, IV: The History of the Concept in Statistics, 1895-1939},
 volume = {48},
 year = {1980}
}

@article{KruskalMosteller3,
 ISSN = {03067734, 17515823},
 author = {William Kruskal and Frederick Mosteller},
 journal = {International Statistical Review / Revue Internationale de Statistique},
 number = {3},
 pages = {245--265},
 publisher = {[Wiley, International Statistical Institute (ISI)]},
 title = {Representative Sampling, III: The Current Statistical Literature},
 volume = {47},
 year = {1979}
}

@article{KruskalMosteller1,
 ISSN = {03067734, 17515823},
 author = {William Kruskal and Frederick Mosteller},
 journal = {International Statistical Review / Revue Internationale de Statistique},
 number = {1},
 pages = {13--24},
 publisher = {[Wiley, International Statistical Institute (ISI)]},
 title = {Representative Sampling, I: Non-Scientific Literature},
 volume = {47},
 year = {1979}
}



@article{KruskalMosteller2,
 ISSN = {03067734, 17515823},
 author = {William Kruskal and Frederick Mosteller},
 journal = {International Statistical Review / Revue Internationale de Statistique},
 number = {2},
 pages = {111--127},
 publisher = {[Wiley, International Statistical Institute (ISI)]},
 title = {Representative Sampling, II: Scientific Literature, Excluding Statistics},
 volume = {47},
 year = {1979}
}



@Manual{Yves,
    title = {sampling: Survey Sampling},
    author = {Yves Tillé and Alina Matei},
    year = {2016},
    note = {R package version 2.8},
    url = {https://CRAN.R-project.org/package=sampling},
  }

  @book{Sarndal_Lundstrom_2006, place={Chichester}, edition={Repr}, series={Wiley series in survey methodology}, title={Estimation in surveys with nonresponse}, ISBN={978-0-470-01133-1}, publisher={Wiley}, author={Särndal, Carl-Erik and Lundström, Sixten}, year={2006}, collection={Wiley series in survey methodology}}

   @book{Valliant_Dever_Kreuter_2013, place={New York, NY}, title={Practical Tools for Designing and Weighting Survey Samples}, ISBN={978-1-4614-6448-8}, url={http://link.springer.com/10.1007/978-1-4614-6449-5}, DOI={10.1007/978-1-4614-6449-5}, publisher={Springer New York}, author={Valliant, Richard and Dever, Jill A. and Kreuter, Frauke}, year={2013} }

@article{Schwarz1991,
 ISSN = {0033362X, 15375331},
 author = {Norbert Schwarz and Bärbel Knäuper and Hans-J. Hippler and Elisabeth Noelle-Neumann and Leslie Clark},
 journal = {The Public Opinion Quarterly},
 number = {4},
 pages = {570--582},
 publisher = {[Oxford University Press, American Association for Public Opinion Research]},
 title = {Rating Scales: Numeric Values May Change the Meaning of Scale Labels},
 volume = {55},
 year = {1991}
}

 @article{Deville_Sarndal_1992, title={Calibration Estimators in Survey Sampling}, volume={87}, ISSN={0162-1459}, DOI={10.1080/01621459.1992.10475217}, number={418}, journal={Journal of the American Statistical Association}, author={Deville, Jean-Claude and Särndal, Carl-Erik}, year={1992}, month={Jun}, pages={376–382}}
 
 @article{Krosnick1999, title={Survey Research}, volume={50}, journal={Annual Review of Psychology}, author={Krosnick, J. A.}, year={1999}, pages={537-567}}

 @book{Cochran_1977, place={New York, NY (USA)}, edition={Third Edition}, title={Sampling Techniques}, publisher={Wiley}, author={Cochran, W. G.}, year={1977}}

  @article{McCarthy_1969, title={Pseudo-Replication: Half Samples}, volume={37}, ISSN={0373-1138}, DOI={10.2307/1402116}, number={3}, journal={Revue de l’Institut International de Statistique / Review of the International Statistical Institute}, author={McCarthy, P. J.}, year={1969}, pages={239–264}}

 @article{Judkins_1990, title={Fay’s Method for Variance Estimation}, volume={6}, ISSN={0282423X}, number={3}, journal={Journal of Official Statistics; Stockholm}, author={Judkins, David R.}, year={1990}, month={Sep}, pages={223}}

 @article{Krewski_Rao_1981, title={Inference From Stratified Samples: Properties of the Linearization, Jackknife and Balanced Repeated Replication Methods}, volume={9}, ISSN={0090-5364}, number={5}, journal={The Annals of Statistics}, author={Krewski, D. and Rao, J. N. K.}, year={1981}, pages={1010–1019}}

 @book{Little_Rubin_2002, place={Hoboken, NJ}, edition={2. ed}, series={Wiley series in probability and statistics}, title={Statistical analysis with missing data}, ISBN={978-0-471-18386-0}, publisher={Wiley}, author={Little, Roderick J. A. and Rubin, Donald B.}, year={2002}, collection={Wiley series in probability and statistics}}

 @article{Kim_Riddles_2012, title={Some theory for propensity-score-adjustment estimators in survey sampling}, volume={38}, number={2}, journal={Survey Methodology}, author={Kim, Jae Kwang and Riddles, Minsun Kim}, year={2012}, pages={157–165}}

 @book{Rao_Molina_2014, title={Small-Area Estimation}, ISBN={978-1-118-44511-2}, url={http://onlinelibrary.wiley.com/doi/10.1002/9781118445112.stat03310.pub2/abstract}, DOI={10.1002/9781118445112.stat03310.pub2}, publisher={John Wiley and Sons, Ltd}, author={Rao, J. N. K. and Molina, Isabel}, year={2014}}

  @inbook{Casas_Cordero_Valencia_Encina_Lahiri_2016, title={Poverty Mapping for the Chilean Comunas}, ISBN={978-1-118-81496-3}, url={http://onlinelibrary.wiley.com/doi/10.1002/9781118814963.ch20/summary}, DOI={10.1002/9781118814963.ch20}, booktitle={Analysis of Poverty Data by Small Area Estimation}, publisher={John Wiley and Sons, Ltd}, author={Casas-Cordero Valencia, Carolina and Encina, Jenny and Lahiri, Partha}, editor={Pratesi, MonicaEditor}, year={2016}, pages={379–404}}

  @article{arias2007geography,
  title={The Geography of Monetary Poverty in Bolivia},
  author={Arias, Omar and Robles, Marcos},
  journal={More Than A},
  year={2007}
}

@article{araujo20071990,
  title={The 1990 and 2001 Ecuador Poverty Maps},
  author={Araujo, Maria Caridad},
  journal={More Than A Prety Picture: Using Poverty Maps to Design Beter Policies and Interventions, Washington DC: The World Bank},
  year={2007}
}

@inproceedings{lopez2007poverty,
  title={Poverty maps and public policy in Mexico},
  author={Lopez-Calva, Luis F and Rodr{\'\i}guez-Chamussy, Lourdes and Sz{\'e}kely, Miguel},
  booktitle={More Than A Pretty Picture. Using Poverty Maps to Design Better Policies and Interventions. Washington DC: WorldBank},
  year={2007},
  organization={Citeseer}
}

@book{hansen1953sample,
  title={Sample survey methods and theory},
  author={Hansen, Morris H and Hurwitz, William N and Madow, William G},
  volume={1},
  year={1953},
  publisher={Wiley New York}
}

    @article{Estevao_Sarndal_2006, title={Survey Estimates by Calibration on Complex Auxiliary Information}, volume={74}, number={2}, journal={International Statistical Review / Revue Internationale de Statistique}, author={Estevao, Victor and Särndal, Carl-Erik}, year={2006}, pages={127–147}}

 @article{DIGESTYC_SV_2017, title={Encuesta de Hogares de Propósitos Múltiples}, publisher={Dirección General de Estadística y Censos DIGESTYC}, author={DIGESTYC_SV}, year={2017}}

 @book{UN_2008, place={New York, NY}, series={Studies in methods / United Nations, Department of Economic and Social Affairs, Statistics Division Series F}, title={Designing household survey samples: practical guidelines}, ISBN={978-92-1-161495-4}, publisher={United Nations}, author={UN}, year={2008}, collection={Studies in methods / United Nations, Department of Economic and Social Affairs, Statistics Division Series F}}

 @inbook{Gurney_Daly_1965, title={A Multivariate Approach to Estimation in Periodic Sample Surveys}, booktitle={Proceedings of the Social Statistics Section, American Statistical Association}, author={Gurney, M. and Daly, J.}, year={1965}, pages={242–257}}

  @article{Lent_Miller_Duff_1999, title={Effects of Composite Weights on Some Estimates from the Current Population Survey}, volume={15}, ISSN={0282423X}, number={3}, journal={Journal of Official Statistics; Stockholm}, author={Lent, Janice and Miller, Stephen M. and Duff, Martha}, year={1999}, month={Sep}, pages={431}}

   @article{Bell_2001, title={Comparison of Alternative Labour Force Survey Estimators}, volume={27}, number={1}, journal={Survey Methodology}, author={Bell, Phillip}, year={2001}, pages={53–63}}

    @article{Steel_McLaren_2008, title={Design and Analysis of Repeated Surveys}, author={Steel, D. and McLaren, C.}, year={2008}}

     @inbook{Lewis_2017, title={Estimation Strategies Involving Pooled Survey Data}, booktitle={SAS Global Forum}, author={Lewis, Taylor}, year={2017}}
      
       @article{Baillargeon_Rivest_2011, title={The construction of stratified designs in R with the package stratification}, volume={37}, number={1}, journal={Survey Methodology}, author={Baillargeon, Sophie and Rivest, Louis-Paul}, year={2011}, pages={53–65} }

 
 @article{Ballin_Barcaroli_2013, title={Joint determination of optimal stratification and sample allocation using genetic algorithm}, volume={39}, number={2}, journal={Survey Methodology}, author={Ballin, Marco and Barcaroli, Giulio}, year={2013}, pages={369–393} }
 
 @article{Barcaroli_2014, title={SamplingStrata: An R Package for the Optimization of Stratified Sampling}, volume={61}, ISSN={1548-7660}, DOI={10.18637/jss.v061.i04}, number={1}, journal={Journal of Statistical Software}, author={Barcaroli, Giulio}, year={2014}, month={Nov}, pages={1–24} }
 
 @book{Barcaroli_2019, title={Optimization of sampling strata with the SamplingStrata package}, author={Barcaroli, Giulio}, year={2019}, pages={40} }
 @book{INEGI-MX_2010, title={Nota técnica Estratificación multivariada}, author={INEGI-MX}, year={2010} }
 
 @article{INEGI-MX_2012, title={Metodología de la Construcción del Marco Maestro de Muestreo 2012 y del Diseño de la Muestra Maestra 2012}, author={INEGI-MX}, year={2012} }
 
 @article{Jarque_1981, title={A Solution to the Problem of Optimum Stratification in Multivariate Sampling}, volume={30}, ISSN={0035-9254}, DOI={10.2307/2346387}, number={2}, journal={Journal of the Royal Statistical Society. Series C (Applied Statistics)}, author={Jarque, Carlos M.}, year={1981}, pages={163–169} }
 
  @article{Dalenius_Hodges_1959, title={Minimum Variance Stratification}, volume={54}, number={285}, journal={Journal of the American Statistical Association}, author={Dalenius, Tore and Hodges, JosrEPH L}, year={1959}, pages={15} }
  
   @article{Gunning_Horgan_2004, title={A New Algorithm for the Construction of Stratum Boundaries  in Skewed Populations}, volume={30}, number={2}, journal={Survey Methodology}, author={Gunning, Patricia and Horgan, Jane M}, year={2004}, pages={159–166} }
   
    @article{Lavallee_Hidiroglou_1988, title={On the Stratification of Skewed Populations}, volume={14}, number={1}, journal={Survey Methodology}, author={Lavallée, Pierre and Hidiroglou, Michael A.}, year={1988}, pages={33–43} }

  @article{Kozak_2004, title={Optimal Stratification Using Random Search Method in Agricultural Surveys}, volume={6}, number={5}, journal={Statistic in Transition}, author={Kozak, Marcin}, year={2004}, pages={797–806} }
  
   @inproceedings{Macqueen_1967, place={Berkeley, California}, title={Some methods for classification and analysis of multivariate observations}, booktitle={Proceedings of the Fifth Berkeley Symposium on Mathematical Statistics and Probability}, publisher={University of California Press}, author={Macqueen, J}, year={1967}, pages={281–297} }

 @article{Park_2003, title={Design Effects and Survey Planning}, author={Park, Inho}, year={2003}, pages={8} }
 
  @inproceedings{Singh_Westlake_Feder_2004, title={A generalization of the Coefficient of variation with application to suppression of imprecise estimates}, author={Singh, A. C. and Westlake, M. and Feder, M.}, year={2004} }
 
 @Manual{R_2019,
    title = {R: A Language and Environment for Statistical Computing},
    author = {{R Core Team}},
    organization = {R Foundation for Statistical Computing},
    address = {Vienna, Austria},
    year = {2019},
    url = {https://www.R-project.org/},
  }


 @Manual{R_2019,
    title = {R: A Language and Environment for Statistical Computing},
    author = {{R Core Team}},
    organization = {R Foundation for Statistical Computing},
    address = {Vienna, Austria},
    year = {2019},
    url = {https://www.R-project.org/},
  }


      @book{Hansen_Hurwitz_Madow_1953, title={Sample Survey Methods And Theory}, publisher={Wiley}, author={Hansen, Morris H. and Hurwitz, William N. and Madow, William G.}, year={1953} }

     @inproceedings{West2012AccountingFM,
  title={Accounting for Multi-stage Sample Designs in Complex Sample Variance Estimation},
  author={Brady T. West},
  year={2012}
}
      
      @conference{CepalSAe2018,
  author       = {CEPAL}, 
  title        = {Taller regional sobre desagregación de estadísticas sociales mediante metodologías de estimación en áreas pequeñas},
  year         = 2018
}

 @book{AmericanCommunitySurvey, place={Washington, D.C.}, title={Realizing the Potential of the American Community Survey: Challenges, Tradeoffs, and Opportunities}, ISBN={978-0-309-36678-6}, url={http://www.nap.edu/catalog/21653}, DOI={10.17226/21653}, publisher={National Academies Press}, author={{National Research Council}}, year={2015} }
 
  @book{Lumley_2010, place={Hoboken, NJ}, series={Wiley series in survey methodology}, title={Complex surveys: a guide to analysis using R}, ISBN={978-0-470-28430-8}, publisher={Wiley}, author={Lumley, Thomas}, year={2010}, collection={Wiley series in survey methodology} }
  
    @article{West_McCabe_2012, title={Incorporating complex sample design effects when only final survey weights are available}, volume={12}, number={4}, journal={The Stata Journal}, author={West, Brady T. and McCabe, Sean Esteban}, year={2012}, pages={718–725} }
